@book{eco:tesi,
    author = {Eco, Umberto},
    title = {Come si fa una tesi di laurea},
    publisher = {Bompiani},
    year = {1977},
    address = {Milano},
    keywords = {cap2}
}

@article{mori:tesi,
    author = {Mori, Lapo Filippo},
    title = {Scrivere la tesi di laurea con LaTeX},
    journal = {Ars},
    volume = {Volume},
    number = {3},
    year = {2007},
    keywords = {cap4}
}

@misc{mori:poesie,
    author = {Mori, Lapo Filippo},
    title = {Scrivere poesie con LaTeX},
    year = {2007},
    howpublished = "\url{https://www.guitex.org/home/}",
    keywords = {cap1}
}

@misc{wiki:latex,
    title = {LaTeX su Wikipedia},
    year = {2017},
    howpublished = "\url{https://it.wikipedia.org/wiki/LaTeX}",
    label = {wiki},
    keywords = {cap3}
}

@inproceedings{Bolognani-Zigliotto,
    author = {S.Bolognani and M. Zigliotto},
    title = {{S}elf-{C}ommissioning {C}ompensation of {I}nverter {N}on-{I}dealities for {S}ensorless {AC} {D}rives {A}pplications},
    booktitle = {{P}roceedings of {IEE} {I}nternational {C}onference on {P}ower {E}lectronics, {M}achines and {D}rives ({PEMD} 2002)},
    language = {},
    series = {},
    editor = {},
    volume = {},
    number = {},
    organization = {},
    address = {Bath, UK},
    publisher = {},
    month = jun,
    year = {2002},
    paper = {},
    type = {},
    pages = {30--37},
    note = {},
    url = {},
    keywords = {cap1}
}

@article{Munoz-Lipo,
    author = {A. R. Munoz and T. A. Lipo},
    title = {{O}n-{L}ine {D}ead-{T}ime {C}ompensation {T}echnique for {O}pen-{L}oop {PWM}-{VSI} {D}rives},
    language = {},
    journal = {{IEEE} Trans. Power Electron.},
    volume = {14},
    number = {4},
    pages = {683--689},
    month = jul,
    year = {1999},
    note = {},
    url = {},
    keywords = {cap1}
}

@book{Vas,
    author = {P. Vas},
    editor = {},
    title = {{S}ensorless {V}ector and {D}irect {T}orque {C}ontrol},
    language = {},
    edition = {},
    series = {},
    address = {},
    publisher = {{O}xford {U}niversity {P}ress},
    month = {},
    year = {1998},
    volume = {},
    number = {},
    note = {pp. 407--410},
    url = {},
    keywords = {cap1}
}

@article{einstein,
    author =       "Albert Einstein",
    title =        "{Zur Elektrodynamik bewegter K{\"o}rper}. ({German})
    [{On} the electrodynamics of moving bodies]",
    journal =      "Annalen der Physik",
    volume =       "322",
    number =       "10",
    pages =        "891--921",
    year =         "1905",
    DOI =          "http://dx.doi.org/10.1002/andp.19053221004",
    keywords = {cap4}
}

@book{dirac,
    title={The Principles of Quantum Mechanics},
    author={Paul Adrien Maurice Dirac},
    isbn={9780198520115},
    series={International series of monographs on physics},
    year={1981},
    publisher={Clarendon Press},
    keywords = {cap2}
}

@inbook{knuth-fa,
    author = "Donald E. Knuth",
    title = "Fundamental Algorithms",
    publisher = "Addison-Wesley",
    year = "1973",
    chapter = "1.2",
    keywords = {cap1}
}

@online{knuthwebsite,
    author    = "Donald Knuth",
    title     = "Knuth: Computers and Typesetting",
    url       = "http://www-cs-faculty.stanford.edu/~uno/abcde.html",
    keywords = {cap4}
}

@online{prova1,
    title = {prova link1},
    url   = {http://www.blank.org},
    keywords = {cap3}
}

@online{UsabilityFirst,
    title = {{Usability first} Scientific visualization definition},
    url   = {http://www.usabilityfirst.com/glossary/scientific-visualization/},
    keywords = {cap1}
}

@online{prova2,
    title = {prova link2},
    url   = {http://www.google.com},
    keywords = {cap2}
}